% Encoding: UTF-8

@manual{A,
    organization  = "Tektronix Inc.",
    title         = "Digital Storage Oscilloscopes TBS1000 Series Datasheet",
    year          =  2013,
    month         =  10,    
    url           = "https://www.testequipmenthq.com/datasheets/TEKTRONIX-TBS1104-Datasheet.pdf"
}

@manual{B,
    organization  = "Rhode & Schwarz GmbH",
    title         = "RTB2000 Oscilloscope",
    year          =  2017,
    month         =  6,    
    url           = "https://www.tme.eu/Document/e1dd65364742ab4d6a528042df70e7a0/RTB2K_DS.pdf"
}

@manual{C,
    organization  = "Wavetek Meterman Test Tools",
    title         = "35XP (Digital Multimeter)",
    year          =  2003,
    month         =  1,    
    url           = "https://www.transcat.com/media/pdf/mete35xp.pdf"
}

@manual{D,
    organization  = "Good Will Instrument Co., Ltd",
    title         = "GPS-2303/3303/4251/4303 Multi-Output DC Power Supply",
    url           = "https://www.gwinstek.com/en-global/products/downloadSeriesDownNew/8083/1210"
}

@manual{E,
    organization  = "Rigol Technologies GmbH",
    title         = "High-speed CAN transceiver",
    year          =  2016,
    month         =  10,    
    url           = "https://cdn.shopify.com/s/files/1/1618/2733/files/DG1000Z_DataSheet_compress.pdf?148"
}

@manual{F,
    organization  = "Keithley Intruments",
    title         = "3390 50MHz Arbitrary Waveform/Function Generator",
    year          =  2008,
    month         =  1,    
    url           = "https://www.testequipmenthq.com/datasheets/KEITHLEY-3390-Datasheet.pdf"
}

@manual{G,
    organization  = "Siglent Technologies Co. LTD",
    title         = "SDG1000 Data Sheet - Function/Arbitrary Waveform Generator",
    year          =  2010,
    month         =  7,    
    url           = "https://siglentna.com/USA_website_2014/Documents/DataSheet/SDG1000_DataSheet_DS02010-E07C.pdf"
}

@manual{H,
    organization  = "Texas Instruments",
    title         = "LM741 Operational Amplifier",
    year          =  2015,
    month         =  10,    
    url          = "https://www.ti.com/lit/ds/symlink/lm741.pdf"
}

@manual{I,
    organization  = "AdvanSiD S.r.l. (Trento, IT)",
    title         = "NUV SiPMs Chip Scale Package (CSP)",
    year          =  2015,
    month         =  5,    
    url           = "https://advansid.com/attachment/get/up_54_1432731416.pdf"
}